%% This BibTeX bibliography file was created using BibDesk.
%% https://bibdesk.sourceforge.io/

%% Created for poliorang at 2022-10-07 13:55:18 +0300 


%% Saved with string encoding Unicode (UTF-8) 



@misc{swift,
	date-added = {2022-10-07 13:54:24 +0300},
	date-modified = {2022-10-07 13:55:18 +0300},
	howpublished = {Режим доступа: \url{https://www.apple.com/swift/}},
	title = {Swift | Мультипарадигмальный компилируемый язык [Электронный ресурс]}}

@misc{ipad,
	date-added = {2022-10-07 01:10:02 +0300},
	date-modified = {2022-10-07 01:10:48 +0300},
	howpublished = {Режим доступа: \url{https://www.apple.com/newsroom/2020/09/apple-unveils-all-new-ipad-air-with-a14-bionic-apples-most-advanced-chip/}},
	title = {IPad | Apple A14 Bionic [Электронный ресурс]}}

@misc{xcode,
	date-added = {2022-10-07 00:02:02 +0300},
	date-modified = {2022-10-07 00:02:02 +0300},
	howpublished = {Режим доступа: \url{https://developer.apple.com/xcode/}},
	title = {XCode [Электронный ресурс]}}

@misc{appcode,
	date-added = {2022-10-06 23:54:49 +0300},
	date-modified = {2022-10-06 23:55:36 +0300},
	howpublished = {Режим доступа: \url{https://www.jetbrains.com/objc/}},
	title = {AppCode: Smart Swift/Objective-C IDE for iOS}}

@misc{core,
	date-added = {2022-10-06 23:28:53 +0300},
	date-modified = {2022-10-06 23:53:43 +0300},
	howpublished = {Режим доступа: \url{https://developer.apple.com/documentation/corefoundation/time_utilities}},
	title = {Сore Foundation | Time Utilities}}

@misc{Levenshtein,
	date-modified = {2022-10-06 11:37:43 +0300},
	title = {Левенштейн В.И. Двоичные коды с исправлением выпадений, вставок и замещений символов.}}
